
@inproceedings{kruber2019,
	title = {2019 IEEE Intelligent Vehicles Symposium (IV)},
	author = {Kruber, Friedrich and Wurst, Jonas and Morales, {Eduardo SÃ¡nchez} and Chakraborty, Samarjit and Botsch, Michael},
	year = {2019},
	month = {06},
	date = {2019-06},
	pages = {2463--2470},
	doi = {10.1109/IVS.2019.8813994},
	url = {https://ieeexplore.ieee.org/document/8813994},
	note = {ISSN: 2642-7214
TLDR: The results show that the proposed method is an excellent approach to automatically categorize traffic scenarios, which is particularly relevant for testing autonomous vehicle functionality.}
}
